<?xml version="1.0" encoding="UTF-8"?>
<record xmlns="http://www.loc.gov/MARC21/slim" xmlns:xsi="http://www.w3.org/2001/XMLSchema-instance" xsi:schemaLocation="http://www.loc.gov/MARC21/slim http://www.loc.gov/standards/marcxml/schema/MARC21slim.xsd">
<leader>     nam a22002651a 4500</leader>
<controlfield tag="001">001684213</controlfield>
<controlfield tag="003">NNU</controlfield>
<controlfield tag="005">20061010173225.0</controlfield>
<controlfield tag="008">000821s1962    iq            000 0 ara d</controlfield>
<datafield tag="035" ind1="9" ind2=" ">
<subfield code="a">NYUb12227641</subfield>
</datafield>
<datafield tag="035" ind1=" " ind2=" ">
<subfield code="a">(NNU)NYUb12227641</subfield>
</datafield>
<datafield tag="040" ind1=" " ind2=" ">
<subfield code="a">NjP</subfield>
<subfield code="c">NjP</subfield>
<subfield code="d">MH</subfield>
<subfield code="d">CStRLIN</subfield>
<subfield code="d">CtY</subfield>
</datafield>
<datafield tag="066" ind1=" " ind2=" ">
<subfield code="c">(3</subfield>
</datafield>
<datafield tag="090" ind1=" " ind2=" ">
<subfield code="a">D16.8</subfield>
<subfield code="b">.D87</subfield>
</datafield>
<datafield tag="100" ind1="1" ind2=" ">
<subfield code="a">Dūrī, ʻAbd al-ʻAzīz.</subfield>
</datafield>
<datafield tag="245" ind1="1" ind2="0">
<subfield code="6">880-01</subfield>
<subfield code="a">Tafsīr al-tārīkh /</subfield>
<subfield code="c">taʼlīf ʻAbd al-ʻAzīz al-Dūrī ... [et al.]</subfield>
</datafield>
<datafield tag="260" ind1=" " ind2=" ">
<subfield code="6">880-02</subfield>
<subfield code="a">Baghdād :</subfield>
<subfield code="b">Maktabat al-Nahḍah,</subfield>
<subfield code="c">[1962?]</subfield>
</datafield>
<datafield tag="300" ind1=" " ind2=" ">
<subfield code="a">55 p. ;</subfield>
<subfield code="c">21 cm.</subfield>
</datafield>
<datafield tag="490" ind1="1" ind2=" ">
<subfield code="6">880-03</subfield>
<subfield code="a">Manshūrāt Jamʻīyat al-Muʼallifīn wa-al-Kuttāb al-ʻIrāqīyīn ;</subfield>
<subfield code="v">5</subfield>
</datafield>
<datafield tag="650" ind1=" " ind2="0">
<subfield code="a">History</subfield>
<subfield code="x">Philosophy.</subfield>
</datafield>
<datafield tag="880" ind1="1" ind2="0">
<subfield code="6">245-01/</subfield>
<subfield code="a">تفسير التاريخ /</subfield>
<subfield code="c">تأليف عبد العزيز الدوري ... [وآخرين]</subfield>
</datafield>
<datafield tag="880" ind1=" " ind2=" ">
<subfield code="6">260-02/</subfield>
<subfield code="a">بغداد :</subfield>
<subfield code="b">مكتبة النهضة،</subfield>
<subfield code="c">[1962?]</subfield>
</datafield>
<datafield tag="880" ind1="1" ind2=" ">
<subfield code="6">490-03/</subfield>
<subfield code="a">منشورات جمعية المؤلفين والكتاب العراقيين ؛</subfield>
<subfield code="v">5</subfield>
</datafield>
<datafield tag="810" ind1="2" ind2=" ">
<subfield code="6">880-04</subfield>
<subfield code="a">Jamʻīyat al-Muʼallifīn wa-al-Kuttāb al-ʻIrāqīyīn.</subfield>
<subfield code="t">Manshūrāt ;</subfield>
<subfield code="v">5.</subfield>
</datafield>
<datafield tag="880" ind1="2" ind2=" ">
<subfield code="6">810-04/</subfield>
<subfield code="a">جمعية المؤلفين والكتاب العراقيين.</subfield>
<subfield code="t">منشورات ؛</subfield>
<subfield code="v">5.</subfield>
</datafield>
<datafield tag="OWN" ind1=" " ind2=" ">
<subfield code="a">GENERAL</subfield>
</datafield>
<datafield tag="998" ind1=" " ind2=" ">
<subfield code="a">20010429</subfield>
<subfield code="d">20010429</subfield>
<subfield code="d">20010429</subfield>
<subfield code="n">NNU</subfield>
<subfield code="s">6</subfield>
<subfield code="t">c</subfield>
<subfield code="z">p</subfield>
</datafield>
<datafield tag="AVA" ind1=" " ind2=" ">
<subfield code="a">NYU50</subfield>
<subfield code="b">BOBST</subfield>
<subfield code="c">Main Collection</subfield>
<subfield code="d">D16.8 .D87</subfield>
<subfield code="e">unavailable</subfield>
<subfield code="t">Unavailable</subfield>
<subfield code="f">1</subfield>
<subfield code="g">1</subfield>
<subfield code="h">N</subfield>
<subfield code="i">0</subfield>
<subfield code="j">MAIN</subfield>
<subfield code="k">0</subfield>
</datafield>
</record>
